@inproceedings{aguzzi2022towards,
  title={Towards reinforcement learning-based aggregate computing},
  author={Aguzzi, Gianluca and Casadei, Roberto and Viroli, Mirko},
  booktitle={International Conference on Coordination Languages and Models},
  pages={72--91},
  year={2022},
  organization={Springer}
}

@inproceedings{aguzzi2022addressing,
  title={Addressing Collective Computations Efficiency: Towards a Platform-level Reinforcement Learning Approach},
  author={Aguzzi, Gianluca and Casadei, Roberto and Viroli, Mirko},
  booktitle={2022 IEEE International Conference on Autonomic Computing and Self-Organizing Systems (ACSOS)},
  pages={11--20},
  year={2022},
  organization={IEEE}
}